3967 5650
358 624 1001 841 amma*

465 1542 585 1605 Omnes
610 1543 664 1626 qui
688 1541 837 1604 Tacitum
863 1543 914 1604 val
939 1542 1055 1603 leviter
1079 1542 1263 1625 attigerunt,
1288 1540 1482 1604 brevitatem
1506 1548 1634 1604 senten·

358 1652 409 1712 tiis
434 1671 565 1733 gravem
592 1651 762 1733 praecipue
789 1650 940 1712 librorum
966 1652 1034 1711 eius
1061 1650 1221 1732 propriam
1246 1669 1318 1710 esse
1343 1669 1447 1733 paene
1471 1670 1534 1711 una
1558 1670 1638 1712 voce

360 1761 499 1820 interae
525 1754 768 1834 consentiunt*)ss
819 1757 909 1818 llaec
935 1758 1066 1841 insignis
1103 1757 1292 1840 proprietas,
1331 1778 1425 1840 quam
1465 1778 1534 1840 quo
1568 1758 1640 1841 quis

358 1866 452 1927 altius
479 1866 680 1947 introspexit,
705 1886 743 1925 99
767 1866 868 1944 magis
894 1864 1078 1944 admiratur,
1109 1885 1179 1926 cum
1204 1864 1312 1926 multis
1348 1864 1418 1926 aliis
1449 1864 1545 1926 rebus
1569 1872 1636 1927 tum

278 1983 280 1988 '
358 1973 556 2035 detractione
581 1994 638 2056 par
641 1973 718 2033 tium
744 1969 941 2057 quarundam
966 1971 1129 2050 orationis,
1166 1972 1309 2055 inprimis
1347 1971 1527 2053 verborum,
1552 1990 1666 2057 quae·

358 2080 487 2168 quidem
511 2081 597 2142 nullo
622 2101 736 2141 sensus
761 2078 953 2141 detrimento
922 2078 1156 2142 tdesiderari
1183 2086 1327 2163 possunt
1305 2078 1498 2141 tefficitur
1546 2138 1554 2156 ,

409 2186 561 2250 Haud
575 2188 669 2270 pauci
688 2187 747 2247 viri
767 2185 849 2249 doct
829 2195 851 2249 tr
867 2188 898 2262 in
914 2187 1072 2248 brevitate
1087 2185 1178 2248 Τ99(
1166 2193 1220 2248 tea
1231 2187 1261 2248 in
1265 2192 1388 2270 tterpre
1376 2186 1519 2249 tandaet
1506 2159 1638 2271 tquoad

357 2294 424 2355 lieri
450 2302 505 2376 pot
507 2303 556 2355 est
580 2294 699 2377 regulis
724 2294 912 2355 subicienda
936 2294 1199 2373 elaboraverunt,
1171 2299 1298 2355 tante
1323 2314 1433 2356 omnes
1459 2293 1637 2357 Guilelmus

357 2401 552 2477 Boetticher,
592 2402 644 2485 qui
685 2402 714 2462 in
749 2401 984 2484 prolegomenis
1025 2402 1118 2462 lexici
1155 2343 1203 2462 sui
1240 2422 1269 2483 p.
1313 2402 1353 2460 73
1390 2424 1433 2486 sq.
1475 2403 1571 2464 etiam
1597 2402 1636 2464 de

357 2510 420 2569 stili
448 2507 571 2570 Tacitei
598 2508 756 2570 brevitate
782 2508 917 2591 scripsit.
967 2506 1032 2569 Sed
1050 2528 1131 2569 cumv
1146 2528 1248 2590 neque
1266 2508 1358 2570 initia
1376 2529 1632 2594 progressusque

358 2615 452 2677 huius
477 2617 683 2699 proprietatis
709 2615 846 2696 dicendi,
872 2624 1030 2700 quatenus
1054 2601 1084 2677 in
1102 2614 1204 2677 Taciti
1229 2617 1356 2699 scriptis
1383 2616 1455 2678 inde
1481 2616 1522 2678 ab
1540 2616 1634 2702 Agri-

360 2723 427 2784 cola
453 2743 552 2807 usque
578 2722 618 2784 ad
642 2722 735 2783 finem
761 2724 920 2784 annalium
946 2725 1032 2785 cerni
1058 2730 1203 2807 possunt,
1236 2725 1267 2785 in
1292 2726 1516 2808 quaestionem
1540 2746 1634 2787 voca·

357 2832 438 2892 verit
463 2840 495 2893 ct
519 2832 640 2914 singula
667 2852 787 2914 genera
816 2832 885 2892 eius
910 2810 1111 2914 paucissimis
1143 2832 1300 2915 exemplis
1325 2832 1544 2912 illustraverit,
1567 2853 1634 2894 rem

356 2939 601 3023 haudquaquam
619 2938 764 3001 absolut.
815 2937 967 3000 Similiter
985 2938 1098 3000 Storch
1114 2940 1144 2999 in
1163 2939 1442 3001 observationibus
1458 2940 1578 3023 aliquot
1592 2939 1632 3000 ad

354 3045 764 3129 grammaticam'laciteam
775 3047 1012 3128 pertinentibus
1022 3045 1152 3123 (Menrel
1166 3049 1260 3123 1868)
1272 3055 1303 3108 91
1315 3046 1475 3109 Robertus
1487 3046 1632 3110 Schmidt

356 3155 384 3213 in
412 3161 646 3237 programmate
665 3153 918 3235 Dramhurgensi
946 3152 1005 3228 ,de
1023 3153 1306 3236 ellipsi'Iacitina“
1336 3155 1449 3234 (1811)
1480 3155 1630 3217 nonnulla

355 3259 482 3343 quidem
508 3260 548 3321 ad
574 3280 640 3320 rem
665 3259 845 3320 accuratius
871 3260 1126 3342 cognoscendam
1152 3260 1363 3339 contulerunt,
1379 3258 1445 3321 ¹sed
1462 3261 1631 3322 materiam

355 3367 515 3449 copiosam
542 3367 698 3449 exemplis
723 3367 825 3448 magis
850 3366 1124 3428 adumbraverunt
1149 3387 1244 3450 quam
1268 3367 1414 3429 exsecuti
1439 3373 1520 3431 sunt.

332 3473 336 3480 '
462 3473 561 3535 Multo
587 3473 715 3535 uberius
741 3473 780 3534 de
806 3475 976 3536 omissione
995 3473 1085 3535 verbi
1104 3474 1305 3554 substantivi,
1330 3475 1360 3536 in
1376 3475 1630 3558 cuiussuppres-

354 3583 443 3642 sione
469 3580 660 3642 brevitatem
690 3581 879 3643 elocutionis
905 3581 1057 3644 Taciteae
1093 3582 1143 3643 vel
1178 3583 1316 3644 maxime
1354 3602 1511 3666 apparere
1542 3588 1629 3643 recte

461 3760 486 3822 *1
509 3760 687 3810 Adversantis
706 3766 798 3825 partes
818 3761 892 3811 solus
922 3760 957 3810 hl.
977 3761 1123 3826 Hauptius,
1155 3761 1277 3826 alioquin
1308 3759 1502 3811 subtilissimus
1522 3761 1630 3827 generis

354 3832 463 3882 dicandi
483 3832 587 3881 Tacitei
607 3833 784 3893 existimator,
805 3832 933 3897 suscepit,
954 3833 1000 3898 qui
1022 3832 1181 3883 brevitatem
1191 3831 1329 3882 Taciteam
1350 3847 1406 3882 rem
1426 3847 1486 3882 esse
1500 3832 1630 3882 incertam

354 3909 436 3969 atque
456 3904 645 3970 imaginariam
670 3909 817 3954 asseverat.
856 3903 896 3953 Cf.
917 3902 1054 3954 Christian
1076 3904 1184 3968 Belger‚
1206 3904 1291 3954 Moriz
1311 3903 1405 3968 Haupt
1425 3903 1465 3952 als
1485 3902 1629 3953 91919911-

354 3976 433 4025 schor
452 3975 562 4035 Lehrer,
586 3975 638 4024 Brl.
660 3977 727 4024 1819
747 3974 773 4025 S.
794 3978 853 4024 268.
892 3976 929 4025 At
949 3975 1022 4025 haud
1043 3975 1098 4025 scio
1119 3991 1152 4024 an
1175 3974 1201 4025 id
1222 3974 1294 4040 quod
1316 3975 1373 4039 ipse
1394 3975 1521 4040 scriptori
1541 3975 1628 4040 assig-

353 4051 400 4096 nat
420 4046 547 4112 quodque
567 4063 627 4096 cum
647 4047 735 4111 poetis
755 4048 778 4097 ci
800 4062 940 4097 commune
960 4062 1020 4096 9999
1040 4046 1114 4106 (11911,
1142 4046 1211 4096 nihil
1237 4046 1313 4096 aliud
1340 4047 1375 4096 911
1395 4045 1447 4095 9191
1467 4045 1562 4096 eadem
1582 4045 1630 4095 illa

354 4119 480 4176 brevitas,
502 4135 583 4184 qnam
604 4118 687 4167 ceteri
708 4132 800 4168 omnes
832 4119 857 4167 in
891 4119 1022 4182 scriptore
1054 4123 1214 4184 agnoscunt.
1253 4117 1323 4168 Nam
1351 4117 1420 4166 haec
1453 4121 1516 4167 9991
1550 4116 1630 4166 rerba

354 4191 427 4240 eius:
450 4192 520 4253 ,Des
540 4190 651 4244 Tacitus
672 4189 749 4239 Geist
769 4191 817 4239 hat
836 4196 919 4239 etwas
938 4190 999 4239 dem
1013 4189 1123 4239 Dichter
1136 4189 1323 4249 Vernaudtee,
1344 4189 1398 4239 und
1419 4205 1497 4239 wenn
1517 4188 1630 4238 Tacitus

353 4276 448 4311 ausser
466 4261 515 4311 der
534 4260 849 4326 Geschichtschreihung
881 4278 914 4310 zu
936 4266 1020 4310 etwas
1042 4260 1165 4326 bel'i‘thigt
1185 4276 1247 4317 war.
1277 4276 1306 4309 so
1327 4277 1381 4310 war
1402 4276 1430 4310 es
1451 4260 1549 4327 gewiss
1570 4276 1630 4310 zum

353 4334 509 4399 tragischen
530 4332 652 4382 Dichter.
690 4333 950 4398 Eigentiimlichlreit
970 4332 1018 4381 (199
1040 4333 1163 4382 Dichters
1196 4331 1262 4381 aber
1281 4333 1315 4381 ist
1348 4347 1384 4389 99,
1414 4331 1477 4382 (1999
1507 4332 1533 4381 19
1568 4331 1628 4381 dem

353 4411 465 4469 engeten
488 4405 573 4453 Raum
594 4403 642 4452 der
664 4404 755 4453 Wortc
775 4405 859 4453 soriel
881 4404 1093 4470 Vorstollungen
1122 4404 1174 4452 uad
1196 4405 1418 4470 Ansclrauungcn
1450 4403 1490 4451 919
1512 4403 1630 4468 miiglich

353 4475 611 4540 gowccktwerdcu.
649 4475 961 4524 1199999919199191
984 4475 1120 4524 Tacitus“.
1159 4473 1629 4524 NonneeamlemvirtutemSallu-

353 4548 428 4608 etius,
450 4548 495 4611 qui
515 4554 541 4596 et
561 4549 619 4612 ipse
640 4547 800 4597 brevitatem
820 4550 936 4597 merome
956 4548 1095 4597 affectavit
1125 4552 1151 4596 91
1170 4547 1247 4596 99199
1269 4545 1380 4595 Τ991199
1410 4544 1549 4595 studiosus
1570 4545 1630 4604 fuit,

353 4618 378 4666 in
400 4618 511 4678 Catone,
533 4619 578 4667 illo
600 4619 655 4667 viro
677 4635 737 4667 vcro
758 4618 880 4667 Romano
901 4626 926 4666 91
948 4619 1079 4681 ,Romanii
1107 4621 1213 4678 generis
1235 4617 1430 4666 disertissimo“
1464 4617 1507 4666 his
1540 4616 1629 4666 verbis

353 4689 459 4739 laudat:
482 4690 581 4750 ,multa
602 4691 697 4755 paucis
724 4690 878 4739 aihsiilvit“?
918 4691 957 4740 Cf.
987 4693 1068 4739 911991
1099 4691 1189 4747 Quint.
1211 4689 1287 4747 VIII,
1320 4693 1361 4744 81,
1392 4689 1437 4753 qui
1471 4687 1630 4738 Sallustium

352 4762 431 4828 plura
451 4763 545 4827 paucis
566 4762 709 4826 complecti
730 4762 775 4811 ait.

1420 4870 1433 4919 l
