3967 5650
967 553 1009 621 29

354 773 472 836 formes
495 795 525 837 v.
551 795 584 854 s,
620 773 816 858 quinetiam
832 772 960 838 modum
985 773 1221 837 subiunctivum
1246 774 1279 837 in
1311 773 1484 838 enuntiatis
1514 794 1625 838 secun-

253 940 256 946 ,
353 879 451 943 dariis
477 878 636 943 interdum
675 878 888 965 supplendum
926 881 1066 965 reliquit,
1104 881 1295 966 aliquotiens
1335 880 1468 945 verbum
1509 882 1627 967 agendi

350 1007 477 1072 quoque
494 994 526 1050 et
540 985 663 1051 oriendi
687 987 802 1051 omisit.
829 986 966 1072 Saepius
990 989 1021 1050 in
1047 986 1316 1073 descriptionibus
1332 989 1570 1075 praecipueque
1595 990 1626 1052 in

351 1094 532 1177 Germania,
556 1117 651 1181 qnam
675 1096 781 1160 colore
816 1096 944 1179 poetico
968 1096 1108 1158 maxime
1132 1096 1306 1181 insignivit,
1330 1118 1359 1161 v.
1386 1118 1409 1160 s.
1434 1097 1625 1182 suppressit.

351 1201 417 1266 Sed
441 1224 536 1288 quam
560 1203 666 1266 multis
698 1201 801 1266 modis
825 1202 987 1265 licentiam
1012 1203 1101 1288 prius
1140 1202 1316 1288 prudenter
1355 1203 1493 1288 quodam
1531 1204 1626 1268 modo

349 1316 509 1396 sumptam
533 1312 563 1373 in
588 1310 731 1374 historiis
755 1318 788 1373 et
826 1301 986 1395 prioribus
1026 1310 1185 1374 annalium
1209 1309 1300 1375 libris
1340 1311 1489 1393 excoluit,
1529 1332 1626 1397 qunm

348 1417 449 1481 effuse
489 1416 648 1482 adhibuit!
686 1418 723 1481 Id
757 1418 901 1502 inprimis
925 1417 1011 1481 valet
1035 1419 1068 1492 in
1093 1419 1298 1483 omissionem
1335 1419 1529 1483 subiunctivi
1569 1420 1624 1483 ad·

347 1524 544 1588 mittendam.
592 1528 636 1589 At
660 1527 691 1589 in
716 1525 948 1612 posterioribus
983 1525 1074 1589 libris
1114 1526 1274 1590 annalium
1313 1527 1449 1611 scriptor
1486 1525 1527 1589 ab
1566 1526 1627 1589 hac

347 1612 479 1695 licentia
495 1633 598 1718 magis
615 1634 780 1718 magisque
800 1632 924 1697 recedit
945 1634 1109 1717 rariorque
1134 1633 1169 1696 lit
1200 1636 1231 1696 in
1256 1630 1624 1713 omissionibnsverbi*).

347 1738 431 1811 Quid
457 1760 573 1803 causae
597 1740 670 1803 est?
692 1737 764 1804 Nisi
789 1741 895 1804 omnia
918 1740 1041 1822 fallunt,
1073 1739 1158 1804 idem
1199 1740 1259 1804 fuit
1298 1738 1440 1805 studium
1477 1741 1621 1805 variandi

348 1847 621 1931 compositionem,
645 1869 707 1931 quo
730 1853 765 1911 ut
791 1848 973 1933 aequalium
996 1847 1182 1911 fastidiosos
1206 1869 1300 1912 aures
1323 1856 1450 1913 teneret
1467 1849 1623 1933 impulsus

348 1975 406 2038 pro
431 1954 532 2018 solitis
557 1960 655 2040 etque
678 1976 739 2018 usu
763 1954 889 2019 detritis
913 1973 1015 2018 novas
1040 1961 1073 2018 et
1097 1956 1275 2041 exquisitas
1311 1957 1514 2042 eloquentiae
1554 1958 1623 2020 vias

350 2059 516 2124 recludere
539 2082 700 2147 nunquam
725 2061 829 2126 desiit.

454 2276 480 2340 *i
501 2275 542 2327 or.
560 2292 587 2343 p.
608 2278 632 2327 r.
654 2280 695 2327 ιι.
717 2280 757 2328 ro.
777 2278 820 2327 21.

853 2983 1116 3249 ”W
