3967 5650
470 1335 523 1398 Ad
548 1315 643 1399 finem
667 1335 794 1413 festino,
821 1356 1013 1426 quamquam
1044 1358 1153 1400 omnes
1176 1346 1285 1422 partos
1325 1340 1479 1403 materiae
1516 1339 1641 1423 amplae

363 1443 610 1529 haudquaquam
633 1464 685 1506 me
709 1442 886 1507 absolvisse
922 1465 992 1529 non¹
1020 1444 1140 1529 ignoro.
1188 1442 1377 1530 Complures
1401 1446 1520 1510 formas
1544 1445 1638 1508 huius

363 1550 649 1635 breviloquentiam,
684 1551 772 1614 velut
796 1550 1028 1614 detractionem
1051 1552 1223 1616 verborum
1260 1552 1386 1616 dicendi
1410 1553 1462 1616 vel
1481 1552 1639 1617 sentiendi

364 1664 438 1721 ante
486 1659 662 1721 orationem
710 1644 872 1744 obliquam
917 1658 1203 1740 usitatissimam*),
1250 1661 1510 1746 suppressionem
1555 1659 1641 1723 modi

364 1765 558 1829 subiunctivi
598 1765 687 1829 verbi
735 1786 806 1838 esse
853 1767 883 1828 in
931 1767 1104 1829 enuntiatis
1151 1768 1347 1849 secundatis,
1394 1789 1475 1853 qnae
1512 1772 1641 1852 praeter

364 1874 443 1938 duos
467 1875 553 1937 locos
581 1876 627 1954 1,7
654 1880 686 1937 et
710 1872 734 1953 Ι,
758 1876 801 1936 85
840 1894 1001 1958 nunquam
1042 1880 1156 1954 exstat,
1196 1875 1256 1938 nisi
1295 1876 1515 1939 subiunctivus
1555 1875 1639 1938 alius

363 1982 453 2043 verbi
477 1982 509 2044 in
532 1981 696 2044 enrrntiato
720 1980 906 2044 coordinata
931 1977 1200 2066 subsequitur**r,
1224 1983 1351 2046 silentio
1376 1983 1538 2067 praeterii,
1567 1983 1642 2067 quia

362 2096 434 2151 acta
457 2108 554 2171 agere
579 2088 735 2152 nolebam.
773 2088 1002 2168 Unumrestat,
1026 2097 1111 2152 ntea
1135 2110 1216 2175 quae
1246 2091 1297 2153 hic
1321 2090 1385 2154 illic
1409 2090 1449 2153 de
1483 2111 1639 2174 processu

363 2204 395 2258 ct
420 2216 550 2264 recessu
574 2196 769 2280 singulorum
794 2217 945 2280 generum
964 2196 1170 2260 detractionis
1186 2198 1277 2261 vorbi
1291 2198 1393 2282 attigi,
1415 2198 1525 2282 paucis
1551 2218 1637 2260 com·

363 2303 580 2388 prehendam;
607 2323 709 2386 neque
734 2303 819 2366 enim
844 2303 1031 2387 scriptorem
1056 2303 1130 2366 inde
1155 2305 1196 2367 ab
1220 2305 1373 2389 Agricola
1396 2326 1498 2389 usque
1523 2305 1564 2368 ad
1582 2325 1638 2390 po·

364 2417 500 2474 stremos
546 2411 706 2473 annalium
752 2410 850 2474 libros
891 2431 986 2472 unum
1026 2411 1229 2497 eundemque
1270 2413 1425 2476 mansisse
1472 2433 1531 2475 suo
1571 2413 1640 2474 iure

364 2517 529 2581 Woelfflin
555 2517 727 2580 contendit.
754 2517 862 2590 Quare
887 2539 949 2581 non
963 2523 1013 2580 est
1026 2520 1148 2600 mirum,
1161 2520 1186 2582 si
1202 2540 1241 2582 ne
1255 2521 1285 2582 in
1299 2519 1358 2583 hac
1372 2519 1500 2605 quidem
1515 2517 1642 2581 dicendi

364 2625 564 2709 proprietate
590 2622 720 2687 Tacitus
743 2624 804 2687 sibi
823 2625 972 2688 constitit.

469 2731 518 2794 Ac
542 2732 678 2816 primurn
701 2731 829 2817 quidem
848 2732 931 2794 inter
944 2732 1104 2795 orationes
1118 2734 1288 2796 narrationi
1303 2733 1474 2796 historicae
1500 2734 1637 2796 insertas

361 2848 393 2902 et
417 2841 634 2903 narrationem
658 2841 761 2923 ipsam
785 2839 870 2902 haud
896 2840 1050 2924 exiguum
1074 2839 1246 2905 discrimen
1272 2849 1322 2905 est
1346 2849 1378 2905 ct
1417 2842 1531 2905 eadem
1569 2841 1637 2904 fere

362 2946 546 3010 differentia
568 2948 651 3010 inter
675 2945 858 3032 Dialogum‚
883 2947 936 3031 qui
972 2948 1143 3010 maximam
1182 2957 1306 3033 partem
1342 2948 1539 3013 orationibus
1564 2969 1636 3013 con·

363 3055 493 3135 tinetur,
517 3062 550 3117 et
574 3059 698 3118 ceteros
734 3054 831 3117 libros
867 3054 1046 3118 intercedit.
1095 3054 1132 3117 ln
1171 3056 1367 3120 orationibus
1408 3056 1494 3118 enim
1534 3062 1566 3118 et
1606 3055 1638 3118 in

362 3161 497 3246 Dialogo
512 3161 661 3224 Tacitum
677 3159 842 3224 Ciceronis
867 3159 1044 3224 studiosum
1069 3161 1168 3226 fnisse
1194 3184 1250 3247 pro
1272 3172 1360 3227 certo
1373 3163 1551 3249 putandum
1577 3171 1637 3227 cst.

364 3270 458 3334 Unde
485 3270 604 3334 iactum
629 3276 687 3350 est,
710 3278 745 3334 ut
768 3271 909 3356 exempli
923 3272 1026 3355 gratia
1037 3271 1068 3332 in
1093 3270 1289 3334 orationibus
1315 3269 1438 3334 Galbae
1475 3271 1499 3352 l,
1528 3274 1566 3334 15
1606 3280 1638 3334 et

363 3376 490 3443 Pisonis
516 3378 594 3458 l‚29
618 3384 650 3442 et
667 3377 790 3442 Tiberii
814 3379 1004 3443 omissiones
1030 3377 1122 3440 verbi
1137 3377 1330 3440 substantivi
1343 3378 1514 3442 admodum
1538 3398 1639 3457 rarae,

362 3487 538 3571 positiones
575 3486 854 3571 frequentissimae
894 3487 956 3549 sint
996 3487 1114 3570 vixque
1133 3485 1213 3548 aliae
1252 3506 1346 3570 quarn
1384 3487 1416 3548 in
1442 3485 1638 3549 orationibus

364 3591 531 3657 Ciceronis
557 3590 917 3678 deprehendantur***).

468 3700 595 3765 Deinde
620 3702 762 3764 minores
786 3701 858 3764 libri
888 3700 1040 3786 Agricola
1065 3707 1097 3762 et
1124 3698 1297 3763 Germania
1320 3721 1337 3762 a
1362 3700 1536 3764 maioribus
1562 3721 1637 3785 ope-

361 3811 450 3872 ribus
475 3811 506 3872 in
531 3808 592 3873 hoc
616 3829 737 3893 genere
762 3809 901 3872 maxime
927 3807 1086 3871 differunt.
1120 3806 1214 3870 Initia
1240 3806 1369 3891 quidem
1393 3808 1578 3888 arsemina,
1602 3814 1638 3869 ut

362 3918 407 3980 ita
431 3916 544 3997 dicam,
569 3917 729 3980 nascentis
754 3923 886 3979 naturae
926 3922 1022 4000 atquc
1062 3913 1178 3978 indolis
1218 3913 1420 3999 eloquentiae
1461 3915 1633 3979 historicae

362 4023 466 4087 Taciti
491 4025 554 4087 iam
589 4027 620 4087 in
656 4024 717 4087 illis
753 4025 831 4088 satis
869 4024 967 4087 multa
1006 4027 1172 4107 apparent.
1223 4020 1276 4085 Sic
1315 4022 1377 4084 iam
1416 4022 1447 4083 in
1487 4021 1639 4107 Agricola

361 4132 498 4217 scriptor
536 4132 718 4216 exemplum
752 4129 1015 4210 Sallustianumi)
1041 4135 1073 4193 et
1114 4129 1341 4214 poctarum††)
1380 4150 1472 4192 usum
1510 4134 1639 4192 secutus

468 4312 494 4376 *)
515 4312 555 4364 De
575 4313 626 4363 hac
646 4313 769 4378 inprimis
789 4311 923 4379 Georgius
943 4309 1044 4361 Clemnr
1065 4309 1091 4358 in
1112 4309 1303 4359 dissertatione
1324 4307 1436 4360 laudata
1457 4308 1575 4373 scripsit.

468 4382 512 4447 **)
532 4384 573 4436 Cl.
595 4382 749 4451 Nipperdey
769 4382 803 4434 ad
827 4385 882 4443 1,7;
901 4381 996 4433 Storclr
1018 4397 1043 4447 p.
1060 4383 1110 4443 153
1131 4380 1249 4431 Wetnell
1270 4385 1296 4430 et
1310 4380 1450 4431 Woelfflin
1471 4381 1497 4430 in
1510 4380 1635 4440 Bursian,

363 4456 588 4507 Jahresberichte
611 4457 677 4505 1875
698 4455 724 4506 ll
744 4473 770 4522 p.
791 4457 850 4505 759.
886 4454 889 4463 '

470 4525 530 4578 ***)
549 4528 591 4578 De
611 4527 653 4577 his
672 4527 707 4577 cf.
727 4527 763 4578 M.
783 4526 908 4593 Seyfferti
928 4526 1095 4576 Palaestram
1116 4523 1321 4574 Ciceronianam
1342 4539 1367 4588 p.
1390 4525 1429 4574 17.

468 4599 801 4733 iilchPbetibllianae
821 4669 1020 4720 dissertationis
1047 4667 1264 4717 conclusionem:
1296 4664 1456 4716 Omissionis
1481 4666 1630 4732 frequentis

363 4758 387 4793 v.
407 4756 437 4805 s,
457 4757 538 4816 quem
559 4741 633 4815 apud
652 4741 776 4793 Tacitum
796 4740 956 4806 invenimus,
975 4739 1092 4816 Vergilii
1112 4741 1210 4807 poetae
1224 4752 1289 4788 usus
1303 4736 1426 4805 proxima
1439 4737 1568 4807 analogia
1582 4741 1632 4789 est.
