3967 5650
912 656 949 661 ,.
980 562 1112 660 A&

490 770 555 836 Sed
580 772 712 836 Tacitus
736 774 816 837 fines
840 780 993 859 angustos
1020 776 1112 839 huius
1137 776 1413 862 breviloquentiae
1442 796 1461 839 a
1495 776 1655 861 prioribus

379 879 640 965 circumscriptos
654 880 752 943 multo
768 880 928 963 dilatavit3
946 904 1050 966 neque
1069 884 1152 946 enim
1166 884 1268 947 solum
1284 883 1370 968 apud
1386 883 1541 946 adverbia
1556 882 1595 947 hi
1605 905 1658 966 nc,

377 985 476 1068 inde,
504 987 833 1073 unde,undique‚
849 991 1070 1075 utrimque,
1090 1012 1170 1075 quae
1185 996 1305 1055 motum
1319 997 1415 1077 atque
1428 992 1584 1077 originem
1599 992 1654 1055 ali·

381 1093 482 1156 eunde
512 1094 662 1177 iudicant,
687 1097 745 1159 se'd
769 1080 867 1159 etiam
890 1097 974 1182 apud
1001 1119 1055 1161 eas
1079 1098 1262 1183 particulas,
1286 1118 1368 1182 quae
1393 1100 1536 1184 quietem
1569 1098 1653 1162 intra

376 1199 480 1263 locum
506 1202 648 1287 aliquem
673 1202 853 1288 designant,
875 1205 965 1268 velut
996 1204 1068 1287 ibi,
1091 1206 1180 1286 uhi,
1204 1204 1373 1290 ubique,
1413 1206 1497 1287 hic,
1536 1206 1657 1287 alibi,

375 1309 553 1391 passim,
577 1311 706 1391 iuxta,
730 1312 856 1396 palam
881 1318 914 1375 et
937 1312 1020 1397 apud
1037 1312 1192 1377 dictiones
1217 1312 1515 1397 praepositiouales‚
1540 1312 1656 1398 quibus

381 1424 517 1500 cognata
541 1418 731 1501 significatio
747 1420 840 1499 inest,
853 1420 884 1481 iu
897 1419 1005 1483 vivida
1025 1422 1077 1483 vel
1091 1422 1187 1484 citata
1200 1405 1383 1483 narratione
1398 1427 1453 1483 aut
1477 1421 1508 1484 iu
1527 1421 1657 1483 concisa

379 1522 594 1609 descriptione
610 1525 744 1588 verbum
761 1528 876 1590 omisit.
925 1527 1095 1590 Accedunt
1119 1549 1158 1591 ea
1175 1527 1339 1607 adverbia,
1351 1549 1432 1611 quae
1450 1519 1656 1612 progressum

378 1632 513 1695 actionis
538 1632 686 1714 inferunt,
710 1656 805 1718 quam
828 1636 893 1697 vim
918 1636 1094 1719 particulae
1119 1635 1211 1698 inde
1242 1642 1274 1699 et
1310 1636 1369 1720 ipsi
1396 1636 1557 1720 propriam
1582 1656 1654 1698 esse

376 1746 511 1820 constat,
536 1741 640 1823 qualia
657 1747 745 1804 sunt:
771 1743 862 1822 iam,
886 1749 981 1823 tum,
1006 1743 1172 1822 exinde,
1196 1741 1363 1823 dehinc,
1387 1743 1519 1824 simul,
1543 1747 1657 1823 tunc,
1707 1738 1710 1742 ’

375 1868 479 1927 mox,
506 1849 618 1911 exim.
666 1848 773 1933 Atque
803 1851 898 1911 etiam
935 1852 1003 1913 sine
1027 1850 1091 1912 ulla
1124 1851 1281 1934 particula
1304 1850 1499 1913 nominativo
1527 1856 1652 1913 tautum

375 1954 536 2035 absoluto,
560 1957 613 2039 qui
637 1977 656 2018 a
683 1958 899 2041 grammaticis
938 1965 1079 2035 vocatur,
1103 1978 1220 2020 novum
1244 1958 1421 2019 membrum
1460 1959 1651 2021 narrationis

379 2062 431 2124 vel
456 2061 680 2147 descriptionis
704 2063 790 2127 haud
808 2085 879 2127 raro
896 2065 1038 2128 breviter
1054 2065 1258 2149 significatur,
1282 2064 1323 2127 ad
1348 2064 1434 2150 quod
1457 2087 1570 2128 munus
1595 2085 1650 2128 ex·

380 2170 531 2253 plandum
556 2172 682 2234 nomina
706 2172 850 2234 verbalia
875 2172 905 2234 in
931 2173 967 2235 io
992 2172 1044 2234 vel
1083 2193 1128 2235 us
1168 2171 1350 2235 desinentia
1390 2172 1556 2256 aptissima
1580 2193 1652 2236 esse

381 2276 475 2339 facile
500 2278 745 2363 cognoscitur*).

482 2385 550 2447 lam
574 2385 614 2448 ad
640 2388 777 2471 exeupla
800 2393 1018 2450 transeamus:

485 2496 510 2556 l.
536 2492 754 2556 Usitatissima
779 2501 827 2556 est
852 2495 973 2578 ellipsis
1011 2494 1101 2557 verbi
1126 2494 1250 2557 oriundi
1275 2493 1361 2578 apud
1401 2493 1557 2557 adverbia
1580 2516 1652 2578 pro-

376 2599 549 2662 nominalia
573 2599 685 2679 hinc,
708 2601 812 2681 indo,
834 2601 936 2664 unde
976 2603 1165 2686 similiaque,
1201 2602 1316 2686 quibus
1341 2623 1413 2664 eum
1438 2602 1583 2686 emphasi
1622 2602 1652 2663 in

377 2708 466 2770 initio
491 2715 545 2770 aut
571 2717 643 2791 post
683 2710 818 2793 primam
855 2729 968 2773 vocem
992 2710 1146 2772 enuntiati
1173 2710 1286 2793 positis
1310 2709 1444 2772 verbum
1469 2709 1546 2771 satis
1571 2707 1651 2770 indi·

377 2822 474 2878 cetur.
525 2814 597 2879 Hoc
621 2838 723 2900 genus
748 2817 891 2880 breviter
916 2816 1041 2880 dicendi
1068 2825 1133 2880 tum
1164 2818 1302 2880 maxime
1334 2817 1459 2902 legitur,
1499 2837 1571 2879 cum
1611 2815 1651 2879 de

377 2924 499 3007 origiue
526 2924 659 2987 alicuius
684 2925 866 2988 affectionis
891 2925 987 2987 animi
1012 2924 1206 3009 proferenda
1230 2926 1343 3009 agitur,
1377 2924 1410 2986 id
1448 2923 1532 3008 quod
1568 2923 1653 3008 apud

375 3030 530 3112 Tacitum,
568 3033 808 3116 sagacissimum
845 3032 930 3094 illum
967 3033 1190 3117 inquisitorem
1229 3033 1368 3117 pectoris
1407 3032 1546 3112 humani,
1581 3051 1651 3094 sae·

374 3137 504 3221 pissime
529 3137 655 3202 accidit.

479 3245 531 3307 Ex
555 3247 708 3330 Agricola
732 3255 764 3309 et
790 3246 964 3309 Germania
987 3247 1049 3310 huc
1073 3248 1236 3332 pertinent
1260 3246 1293 3308 hi
1318 3247 1393 3311 loci:
1430 3247 1461 3308 A
1485 3248 1546 3310 21:
1576 3244 1650 3308 inde

372 3354 469 3415 etiam
493 3353 621 3416 habitus
645 3355 744 3418 nostri
769 3353 887 3434 bonor3
925 3353 1015 3418 (Νι
1051 3353 1136 3416 uude
1161 3353 1291 3416 habitus
1327 3374 1453 3437 quoque
1480 3375 1646 3439 corporum

372 3460 472 3541 idem;
497 3463 556 3523 40:
580 3482 713 3524 arcanus
738 3462 812 3525 hinc
836 3470 941 3526 terror
965 3468 1141 3545 sanctaque
1167 3461 1355 3545 ignorantia.

476 3568 513 3631 Io
526 3570 778 3653 interrogatione
792 3570 921 3655 obliqua
935 3570 1155 3633 subiunctivus
1172 3590 1200 3631 v.
1218 3591 1241 3630 s.
1259 3567 1456 3651 supplendus
1487 3576 1536 3629 est
1568 3565 1597 3629 G
1612 3571 1649 3630 9:

370 3674 455 3737 unde
471 3696 565 3738 causa
580 3685 612 3738 et
625 3677 714 3761 origo
726 3679 895 3761 peregrino
905 3698 1006 3758 sacro,
1019 3698 1131 3762 parum
1156 3675 1305 3759 comperi.
1345 3675 1380 3736 ln
1395 3674 1465 3736 aliis
1477 3677 1650 3738 enuntiatis

372 3781 568 3845 secundariis
582 3783 716 3846 verbum
727 3785 880 3847 omissum
894 3792 959 3847 est:
982 3784 1078 3847 G39:
1098 3791 1261 3866 tamquam
1274 3781 1348 3843 iude
1363 3782 1453 3843 initia
1470 3783 1585 3865 gentis,
1603 3783 1648 3846 ibi

370 3899 519 3974 regnator
528 3892 668 3953 omnium
678 3890 756 3954 deus
766 3914 773 3972 3
785 3890 868 3955 Glb:
879 3914 941 3976 quo
951 3893 1035 3975 cingi
1043 3890 1190 3972 cludique
1199 3896 1355 3950 terrarum
1363 3887 1647 3954 orbemhincfides.

368 4051 620 4114 IV‚la„caedes
641 4053 710 4112 imte,
731 4068 782 4102 noo
805 4052 951 4117 proeliunr“
974 4056 1015 4102 est
1035 4049 1240 4116 comparandus.
1281 4048 1341 4098 Uno
1362 4049 1421 4098 loco
1437 4012 1532 4098 Germ.
1554 4051 1583 4098 7:
1606 4055 1650 4113 „et

369 4124 395 4171 in
416 4123 536 4188 proximo
557 4124 679 4189 pignora,
699 4123 766 4175 undc
794 4125 953 4174 laminarum
974 4124 1095 4174 ululatus
1116 4121 1213 4181 audiri,
1244 4118 1316 4170 unde
1345 4120 1454 4186 rogitus
1486 4119 1646 4170 infantium‘·

368 4193 479 4244 Tacitus
499 4193 660 4245 infinitivum
682 4196 839 4246 historicum
860 4202 921 4260 post
940 4195 1098 4245 adverbium
1120 4193 1211 4242 unde
1232 4191 1364 4241 audacius
1384 4192 1526 4256 usurpavit
1539 4207 1646 4242 versum

368 4265 557 4332 Vergilianum
578 4269 670 4328 6,557:
692 4268 771 4330 „binc
792 4267 916 4317 exaudiri
937 4267 1053 4332 gemitus
1074 4273 1100 4314 ct
1119 4280 1202 4314 sacra
1216 4278 1313 4312 sonare
1328 4260 1467 4323 verbera“,
1488 4267 1517 4313 ut
1530 4262 1648 4326 videtur,

367 4351 427 4386 oum
447 4337 596 4387 mutatione
616 4339 710 4402 aliqua
730 4339 859 4388 imitatus.
899 4338 979 4402 Apud
1002 4337 1153 4404 Vergilium
1173 4341 1199 4384 et
1219 4335 1307 4398 ipsum
1329 4335 1354 4383 in
1371 4335 1558 4384 enuntiatione
1573 4335 1643 4385 rela-

367 4409 423 4457 tiva
444 4407 591 4458 infinitivus
611 4410 756 4459 historicus
776 4410 858 4459 semel
876 4412 983 4469 ll‚8‘2‘.’:
1006 4410 1123 4472 „Accam
1137 4406 1302 4471 adloquitur,
1323 4405 1377 4455 lida
1396 4410 1459 4456 ante
1480 4406 1550 4456 alias
1572 4421 1648 4472 quae

366 4480 425 4529 sola
446 4479 584 4536 Camillae„
606 4481 719 4539 Quicum
740 4482 834 4545 partiri
854 4483 952 4530 cura-1⁸·
974 4482 1081 4544 legitur.

474 4549 500 4612 *l
521 4550 560 4601 Of.
581 4552 701 4617 Madvigi
722 4553 927 4618 grammaticam
948 4553 1074 4602 Latinam
1094 4549 1109 4613 ξ
1130 4550 1179 4598 447
1201 4549 1226 4598 d.
1248 4549 1282 4598 A.
1301 4550 1329 4597 2:
1348 4548 1509 4610 „Bisweilen
1531 4549 1603 4600 steht
1617 4550 1645 4600 in

367 4622 609 4673 sortschreiteuder
629 4623 703 4673 Rode
724 4625 766 4673 eiu
789 4623 945 4673 ilomiuativ
966 4625 1014 4673 mit
1034 4623 1209 4687 Auslassung
1229 4621 1307 4669 eines
1329 4618 1426 4678 Verba,
1449 4621 1563 4670 welches
1597 4636 1644 4687 ge-

367 4693 495 4753 schehen‚
515 4694 658 4745 cintroffen
672 4711 697 4744 u.
718 4711 739 4745 s.
760 4713 790 4744 u.
812 4695 977 4756 bezeichuet,
1001 4711 1044 4745 um
1064 4695 1143 4744 einen
1164 4707 1252 4741 neuen
1273 4691 1373 4750 l'unkt,
1393 4691 1436 4740 ein
1457 4707 1540 4741 neues
1560 4691 1642 4741 Glied

367 4766 416 4815 der
434 4765 592 4834 Erzahlung
611 4767 679 4817 kurz
698 4765 894 4818 anzudouten.“

1433 4865 1465 4920 2*
