3967 5650
884 534 1073 627 ¹96⁴·

353 740 487 805 libertos
511 762 685 828 servosque
710 743 857 827 publicae
882 746 938 818 rei,
961 765 1023 806 non
1049 746 1162 806 studiis
1176 747 1308 829 privatis
1326 765 1385 808 nec
1410 766 1452 807 cx
1467 765 1626 808 commen·

354 848 482 912 datione
506 857 560 912 aut
573 850 722 934 precibus
737 851 955 914 'centurionem
968 852 1127 914 militesve
1142 853 1254 930 ascire,
1279 852 1334 914 sad
1351 853 1503 937 optimum
1519 872 1639 937 qnam-⁴

353 977 413 1040 quc
438 957 624 1020 fidissimum
650 955 807 1042 putare*)„-

458 1064 624 1129 Aduerbio
649 1074 757 1129 autem
781 1087 851 1128 cum
876 1065 994 1128 affectu
1008 1065 1144 1149 quodam
1162 1062 1351 1143 oratorio**)
1369 1067 1398 1128 in
1425 1067 1513 1129 initio
1528 1087 1625 1129 enun-

354 1171 423 1233 tiali
449 1174 557 1255 posito
581 1179 677 1257 atque
695 1173 879 1257 praedicato
893 1174 1027 1237 membri
1042 1174 1167 1235 relativi
1183 1174 1346 1257 sequentis
1360 1174 1494 1236 vor-bum
1511 1174 1627 1258 agendi

357 1280 507 1341 omissum
531 1280 620 1343 hisce
644 1282 721 1344 locis
747 1282 920 1344 indicatur:

356 1474 359 1477 Α
462 1385 491 1449 G
521 1390 572 1451 19:
594 1388 721 1451 mollius
746 1389 874 1474 quidem
898 1389 1002 1451 adhuc
1028 1409 1086 1451 eae
1112 1389 1268 1468 civitates,
1293 1390 1321 1451 in
1352 1388 1628 1473 quibus-tantum

355 1494 495 1577 virgines
520 1495 658 1577 nubunt;
687 1499 773 1575 1‚43:
799 1497 912 1560 melius
927 1497 1130 1560 clementius
1144 1496 1203 1575 ille,
1228 1497 1280 1580 qui
1296 1497 1435 1580 gladium
1453 1497 1625 1578 offerebat,

353 1602 441 1681 4,38:
467 1603 580 1665 molius
604 1603 795 1689 Augustum,
820 1606 872 1688 qui
897 1605 1085 1689 speraverit.

458 1708 520 1772 His
545 1718 699 1794 cognatus
724 1719 774 1774 cst
797 1712 884 1775 locus
910 1713 940 1774 A
965 1714 1000 1773 5:
1028 1732 1085 1773 nec
1109 1711 1261 1794 Agricola
1283 1711 1417 1774 licenter
1449 1715 1504 1789 (sc.
1547 1714 1626 1796 egit)

352 1836 440 1878 more
465 1817 614 1880 iuvenum
640 1820 692 1902 qui
715 1820 859 1881 militiam
886 1821 915 1881 in
942 1820 1102 1881 lasciviam
1129 1825 1273 1898 vertunt,
1300 1839 1402 1902 neque
1427 1820 1569 1903 segniter
1586 1818 1627 1881 ad

352 1923 551 2008 voluptatem
575 1933 608 1987 et
633 1936 826 1989 commeatus
851 1928 975 1990 titulum
1006 1926 1185 1989 tribunatus
1225 1934 1257 1987 ct
1297 1927 1454 1988 inscitiam
1486 1926 1625 2005 rettulit.

409 2059 411 2062 ’
459 2030 604 2095 Eandem
627 2034 878 2097 subtractionem
903 2034 993 2097 verbi
1019 2033 1151 2096 Tacitus
1181 2036 1212 2095 in
1238 2034 1411 2095 enuntiatis
1436 2034 1626 2118 comparati·

357 2139 404 2200 vis
430 2160 448 2200 a
472 2139 616 2203 formulis
644 2162 723 2216 ,nce
747 2141 832 2204 aliud
857 2163 961 2224 quam,
986 2140 1062 2225 quid
1087 2140 1171 2203 aliud
1190 2162 1293 2225 quam,
1318 2161 1422 2225 neque
1448 2140 1534 2202 aliud
1558 2141 1629 2221 nisi,

356 2246 432 2328 quid
457 2247 543 2309 aliud
566 2249 637 2327 nisi,
661 2270 721 2311 nec
744 2249 880 2334 amplius
905 2271 1008 2333 quam,
1043 2270 1105 2310 non
1146 2248 1227 2310 ultra
1253 2252 1364 2332 quam“
1402 2248 1629 2331 incipientibus

351 2353 505 2434 adhibuit,
534 2375 615 2438 quae
640 2356 670 2417 in
694 2356 797 2419 lexico
823 2356 955 2419 Taciteo
979 2378 998 2417 a
1023 2355 1167 2419 Gerbero
1193 2361 1224 2418 et
1251 2354 1378 2418 Groefio
1404 2377 1432 2439 p.
1461 2358 1501 2418 66
1529 2362 1560 2417 et
1588 2357 1627 2416 75

352 2460 485 2523 collecta
509 2462 720 2525 inveniuntur.

464 2567 544 2631 Vice
569 2589 663 2631 versa
688 2570 820 2632 verbum
846 2569 1005 2653 generalis
1030 2570 1163 2633 actionis
1189 2589 1230 2631 ex
1254 2568 1439 2653 praedicato
1474 2570 1629 2632 enuntiati

351 2675 492 2758 primarii
517 2676 708 2740 eliciendum
733 2685 765 2740 et
790 2678 820 2739 in
855 2677 1033 2740 membrum
1074 2676 1276 2738 subiunctum
1316 2676 1626 2760 subintellegcndum

353 2789 403 2845 est
428 2781 477 2846 his
492 2784 582 2847 locis:
611 2784 633 2863 l,
645 2788 701 2847 89:
727 2792 792 2848 tum
807 2785 949 2868 legiones
964 2784 1148 2869 classesque
1174 2792 1206 2846 ct
1230 2783 1315 2869 quod
1340 2805 1410 2849 raro
1436 2785 1513 2847 alias
1532 2805 1625 2869 prae·

353 2892 494 2953 torianus
529 2892 735 2976 urbanusque
771 2893 862 2955 miles
899 2894 929 2955 in
965 2894 1066 2954 aciem
1103 2892 1247 2971 deducti;
1293 2895 1400 2972 lale:
1442 2912 1499 2954 nec
1539 2892 1627 2955 codi-

354 2997 433 3059 cillis
455 2999 592 3082 quidem,
617 3000 699 3083 quod
726 3001 871 3085 plerique
895 3001 1108 3085 pereuntium,
1140 2998 1301 3062 Neronem
1341 3006 1394 3061 aut
1434 2997 1628 3082 Tigellinum

356 3110 410 3167 aut
435 3126 528 3189 quem
555 3107 650 3169 aliurn
676 3109 854 3192 potentium
878 3108 1025 3171 adulatus
1051 3116 1107 3171 est.
1155 3105 1200 3169 cf.
1229 3106 1308 3169 Suet
1326 3105 1415 3168 Caes.
1431 3109 1489 3169 26:
1515 3128 1628 3169 munus

354 3213 471 3296 populo
496 3215 687 3299 epulumque
713 3217 929 3300 pronuntiavit
954 3217 984 3277 in
1009 3216 1092 3278 filiae
1117 3215 1312 3294 memoriam,
1338 3213 1422 3298 quod
1447 3220 1520 3276 ante
1554 3236 1647 3288 eum,
1738 3221 1743 3229 '

355 3340 466 3400 nemo,
492 3320 531 3402 V,
556 3325 612 3384 22:
637 3330 734 3406 utque
760 3323 800 3386 ed
824 3323 999 3386 fallendum
1024 3322 1159 3401 silentio,
1184 3322 1228 3383 ita
1259 3328 1372 3405 coepta
1412 3320 1526 3401 caede,
1566 3342 1628 3404 quo

357 3428 428 3511 plus
453 3429 583 3491 terroris
608 3430 774 3509 adderent,
799 3440 912 3493 cuncta
936 3430 1126 3493 clamoribus
1151 3428 1337 3491 miscebant.

462 3534 623 3600 Concinnc
649 3540 675 3601 si
700 3541 835 3623 scriptor
860 3538 922 3602 duo
947 3539 1091 3601 membra
1115 3537 1270 3600 enuntiati
1297 3535 1494 3599 conformare
1510 3537 1626 3598 voluis·

354 3649 412 3723 set,
436 3643 610 3707 finiendum
634 3647 663 3708 ei
689 3652 771 3711 erat:
791 3647 927 3710 clamore
952 3647 1099 3731 agebant.
1149 3644 1214 3708 Sed
1238 3644 1298 3706 hac
1322 3645 1391 3728 ipsa
1415 3644 1628 3706 concinnitate

354 3750 479 3813 sublata
503 3774 560 3835 pro
585 3762 774 3837 exspectato
801 3756 898 3818 verbo
927 3754 1104 3838 ,agebant“
1132 3751 1229 3833 aliud,
1254 3752 1303 3814 cui
1336 3752 1501 3835 angustior
1540 3751 1627 3814 notio

355 3859 446 3939 inest,
471 3861 577 3943 posuit
602 3868 634 3923 et
659 3862 734 3924 illud
759 3864 790 3925 in
815 3865 920 3947 priore
945 3863 1088 3924 membro
1115 3861 1253 3945 oppositi
1279 3859 1388 3922 lectori
1414 3858 1627 3942 supplendum

354 3967 490 4051 reliquit.
541 3966 671 4051 Optime
697 3970 758 4032 huc
787 3970 952 4055 quadrant,
977 3990 1058 4053 quae
1084 3965 1314 4052 Hauptius***)
1340 3966 1379 4029 de
1405 3965 1476 4028 stilo
1495 3964 1627 4027 Taciteo

355 4074 539 4135 acutissime
561 4074 696 4138 iudicat:

466 4180 616 4258 ,Tacitus
640 4184 702 4245 will
729 4184 827 4247 sovicl
853 4185 899 4246 als
924 4182 1063 4268 moglich
1078 4181 1258 4245 Godanken
1284 4182 1361 4245 oder
1378 4180 1627 4264 Vorstcllungen

352 4325 503 4335 u—-a-m...
512 4330 532 4334 ....
550 4331 564 4334 ..

461 4381 487 4441 *l
507 4381 566 4433 Non
589 4382 698 4433 verbum
719 4382 835 4443 dicendi,
856 4383 929 4449 quod
950 4382 1073 4432 lloraous
1092 4383 1118 4429 ct
1138 4379 1283 4430 Clemmius
1297 4395 1322 4444 p.
1337 4382 1378 4438 lo,
1399 4377 1520 4442 quilinio
1535 4393 1627 4427 asson-

354 4451 426 4509 titur,
449 4453 598 4515 voluerunt,
619 4454 666 4505 sod
680 4472 735 4506 v.s.
756 4464 830 4505 erat
851 4453 1031 4521 supplendum
1044 4455 1084 4502 cst
1103 4451 1124 4511 Ι,
1146 4454 1191 4500 14:
1213 4465 1375 4516 quamquam
1400 4449 1465 4497 nihil
1487 4444 1576 4497 adhuc
1596 4447 1629 4498 dc

354 4521 466 4572 Vitellio
489 4531 600 4576 contum.
639 4526 679 4577 el.
700 4528 867 4577 simillimum
888 4528 975 4577 locum
997 4523 1118 4575 Suetonii
1139 4521 1211 4572 Nero
1236 4523 1262 4570 l:
1284 4522 1316 4572 de
1337 4536 1390 4586 qna
1410 4521 1541 4569 incertum
1561 4523 1627 4569 crat.

462 4592 504 4655 **)
524 4596 589 4647 Loci
610 4599 749 4648 crroalium
773 4603 830 4661 latr
852 4607 878 4649 et
898 4600 958 4657 l,38
978 4598 1005 4646 in
1025 4593 1194 4645 orationibus
1216 4594 1349 4659 leguntur.

461 4665 522 4728 ***)
543 4667 583 4718 Cf.
603 4667 701 4719 Christ.
722 4670 828 4739 Belgcr,
850 4669 933 4720 Moriz
955 4667 1048 4735 llnupt
1078 4667 1119 4716 ols
1152 4664 1360 4717 akadcmischcr
1391 4662 1501 4725 Lehrcr,
1535 4661 1627 4712 Berlin

357 4738 432 4802 1879,
451 4734 478 4789 S.
498 4739 559 4791 269.
