3967 5650
849 1047 1095 1176 Vita.

452 1332 555 1396 Natus
580 1353 658 1414 snm,
684 1333 846 1419 Casperus
872 1334 974 1415 Stuhl,
1000 1332 1253 1396 Kleineibstadti
1277 1335 1309 1396 in
1333 1334 1404 1398 vico
1424 1333 1624 1398 llranconiae

346 1440 506 1503 inferioris
531 1461 557 1502 a.
586 1440 614 1503 d.
634 1440 708 1503 Vll.
736 1440 803 1504 Cal.
832 1440 904 1504 Jan.
931 1463 1014 1505 anno
1032 1439 1282 1504 MDCCCLVH
1306 1440 1453 1506 dehanno
1472 1441 1626 1527 Josepho,

281 1597 284 1604 .
346 1548 535 1611 Elisabetha
560 1549 747 1631 parentibus
773 1555 805 1612 et
829 1549 904 1612 fidei
930 1549 1106 1611 catholicae
1137 1548 1294 1613 addictus.
1343 1550 1424 1613 Cum
1459 1550 1624 1613 literarum

347 1657 507 1732 elementa
547 1656 742 1738 didicissem,
781 1658 982 1741 gymnasium
1023 1657 1160 1718 vicinum
1197 1656 1552 1721 Muennerstadtianum
1591 1662 1623 1720 et

346 1771 461 1849 postea
485 1763 758 1847 Wireeburgense
798 1765 872 1827 adii.
920 1766 1082 1827 Autumno
1123 1765 1197 1827 anni
1239 1762 1556 1828 MDOOCLXXVII
1594 1765 1626 1827 in

346 1874 537 1935 societatem
562 1871 759 1935 Academiae
784 1871 1127 1935 lulio-Maximilianae
1152 1877 1302 1955 receptus
1329 1894 1407 1935 sum.
1456 1872 1506 1935 Ibi
1528 1872 1623 1937 deeu-

347 1986 443 2042 erunt
466 2000 517 2042 me
542 1978 668 2060 lllasch,
699 1978 910 2064 Grasberger,
933 1978 1029 2064 Johy,
1061 1979 1177 2061 Lexer,
1202 1978 1337 2061 Schanz,
1369 1979 1498 2043 Urlichs
1523 1979 1625 2066 philo·

348 2086 423 2171 logi,
439 2086 561 2172 Unger,
579 2086 718 2172 Wegele
735 2085 890 2168 historici,
914 2085 1046 2172 Stumpf
1056 2087 1274 2171 philosophus.
1324 2086 1405 2150 Tum
1422 2086 1625 2151 Monachium

346 2214 397 2256 me
423 2195 551 2275 contuli,
588 2195 643 2256 ubi
677 2194 826 2275 Bursian,
850 2194 968 2275 Christ,
991 2194 1089 2257 Halm
1113 2194 1277 2279 philologi,
1316 2193 1474 2276 Carriere,
1514 2195 1626 2258 Prantl
1724 2180 1727 2184 ’

346 2301 539 2386 philosophi,
564 2301 780 2365 Giesebrecht
819 2303 989 2366 historicus
1029 2322 1080 2365 me
1111 2303 1327 2365 instituerunt.
1388 2302 1449 2365 His
1474 2298 1621 2367 omnibus

348 2410 483 2494 gratiam
510 2409 613 2473 habeo
638 2410 819 2473 maximam.
868 2409 952 2473 Jnde
992 2408 1170 2473 adsedem
1206 2410 1370 2472 literarum
1395 2409 1626 2475 llranconicam

348 2538 513 2580 reversum
538 2518 739 2580 institutione
780 2524 876 2602 atque
918 2517 1063 2580 doctrina
1102 2519 1242 2580 virorum
1278 2517 1403 2581 illorum
1440 2517 1544 2582 denuo
1574 2539 1625 2581 me

350 2632 478 2687 auctum
493 2645 564 2687 esse
577 2632 670 2708 grato
683 2626 787 2688 animo
802 2626 964 2688 confiteor.
1000 2622 1080 2686 Oum
1098 2623 1215 2686 deinde
1229 2645 1311 2687 anno
1326 2622 1626 2688 MDCCCLXXXI

350 2733 438 2818 prius
464 2754 598 2795 examen
624 2733 787 2816 publicum
805 2733 975 2812 subissem,
1000 2752 1057 2815 per
1074 2738 1263 2815 sequentem
1280 2752 1397 2795 annum
1413 2740 1448 2795 ut
1464 2732 1625 2796 Monachii

351 2840 457 2904 studio
482 2842 700 2924 comparativo
726 2841 904 2925 linguarum
929 2861 980 2903 me
1006 2839 1125 2903 dedere
1150 2860 1288 2924 possem,
1327 2862 1459 2904 munere
1498 2842 1625 2925 privato

350 2948 555 3033 suscipiende
579 2947 657 3010 mihi
682 2949 823 3032 contigit.
873 2949 982 3011 Verno
1024 2953 1131 3010 autem
1171 2968 1253 3011 anno
1293 2949 1490 3033 octogesimo
1529 2950 1624 3012 tertio

350 3053 443 3118 huius
468 3056 586 3118 saeculi
624 3056 758 3140 collegio
788 3057 946 3140 gymnasii
981 3055 1100 3118 veteris
1126 3053 1313 3118 Castrorum
1337 3055 1535 3140 Reginorum
1568 3056 1622 3118 ad·

353 3164 496 3226 iumento
521 3162 649 3225 additus
674 3185 753 3226 sum.
802 3161 953 3226 Calendis
966 3162 1059 3226 Maiis
1084 3163 1158 3225 anni
1171 3162 1478 3247 duodenenagesimi
1491 3163 1625 3248 gradum

349 3272 493 3354 magistri
518 3271 695 3334 studiorum
722 3277 912 3334 consecutus
938 3277 970 3332 et
994 3277 1146 3333 autumno
1172 3271 1243 3332 eius
1266 3272 1339 3333 anni
1365 3269 1568 3355 Burghusum
1593 3272 1623 3333 in

350 3378 504 3461 oppidum
528 3378 569 3441 ad
595 3378 719 3440 Irarum
745 3379 877 3440 fluvium
901 3379 998 3440 situm
1022 3377 1188 3440 traductus
1213 3399 1290 3439 sum.
1341 3377 1389 3440 lbi
1415 3378 1485 3461 plus
1510 3399 1624 3441 novem

351 3507 451 3548 annos
477 3487 584 3569 pueris
609 3486 755 3549 ordinum
779 3485 956 3548 mediorum
976 3485 1182 3548 instituendis
1200 3486 1391 3568 consumpsi.
1439 3486 1534 3549 Initio
1551 3487 1625 3548 anni

353 3591 653 3655 thCCOXCVlIl
677 3593 718 3655 ad
741 3594 941 3678 gymnasium
966 3593 1175 3676 Frisingense
1214 3600 1250 3655 ut
1289 3592 1484 3672 traducerer,
1522 3593 1625 3677 gratia

353 3701 505 3784 principis
530 3702 630 3764 nostri
655 3701 825 3784 impetravi
850 3708 883 3764 et
907 3710 973 3763 tum
999 3701 1127 3763 demum
1164 3703 1262 3763 etium
1288 3706 1475 3784 exoptatum
1510 3707 1624 3762 nactus

348 3830 426 3887 sum,
450 3829 509 3892 per
533 3809 618 3893 qued
644 3808 719 3870 mihi
742 3809 841 3888 licuit,
865 3815 900 3871 ut
925 3808 1064 3872 doctoris
1084 3806 1308 3892 philosophiae
1339 3807 1473 3891 gradum
1504 3807 1622 3891 adipis·

348 3936 449 3996 cerer,
474 3937 606 4000 operam
620 3916 815 4000 impendere.
864 3916 1042 4001 Postquam
1066 3938 1141 3979 cura
1165 3937 1236 3978 mea
1260 3915 1456 3999 amplissimo
1481 3913 1622 3998 philoso-

347 4023 480 4108 phorum
507 4024 608 4087 ordini
634 4024 770 4108 probata
794 4031 853 4103 est,
887 4044 1023 4086 examen
1063 4025 1241 4108 rigorosum
1280 4021 1384 4106 pridie
1420 4020 1502 4084 Non.
1527 4020 1621 4085 Mart.

347 4129 481 4194 absolvi.

853 4434 1118 4591 idel&
