3967 5650
893 544 1105 644 ἕξ*

357 782 445 823 arma
468 767 501 823 ct
541 780 700 822 armorum
740 759 901 843 fulgorem
947 762 1056 840 ll,35:
1097 761 1264 823 continuus
1306 760 1421 823 dehinc
1461 759 1639 824 cohortium

358 869 489 949 clamor,
526 868 634 947 1135:
660 868 773 929 mirum
800 868 882 929 inter
907 867 986 929 haec
1012 867 1172 929 silentium
1215 865 1359 941 Claudii;
1400 870 1489 948 3,46:
1526 868 1639 951 ingens

357 976 396 1038 ad
423 997 462 1038 ea
488 976 622 1054 clamor,
665 974 777 1037 Gar:
817 975 923 1039 medio
948 982 1013 1037 tam
1038 975 1124 1059 longi
1163 976 1234 1037 aevi
1275 975 1379 1058 spatio
1419 975 1518 1037 multa
1553 975 1632 1037 invi·

358 1104 426 1146 cern
452 1083 575 1145 damna.

464 1190 585 1253 Locum
609 1189 754 1252 adverbii
780 1191 933 1273 temporis
958 1191 1159 1252 enuntiatum
1172 1188 1396 1252 secundarium
1408 1186 1460 1250 vel
1477 1188 1637 1251 ablativus

361 1298 527 1361 absolutus
563 1304 653 1360 tenet
682 1296 724 1377 Il,
750 1299 807 1359 29:
832 1306 866 1360 ut
882 1318 958 1360 vcro
976 1296 1098 1360 Valens
1115 1298 1280 1381 processit,
1304 1295 1457 1381 gaudium
1473 1296 1636 1360 miseratio

357 1405 463 1473 lavor:
502 1405 544 1486 ll,
568 1408 627 1468 46:
653 1425 731 1488 quas
757 1405 839 1467 inter
863 1424 959 1467 voces
984 1411 1019 1466 ut
1042 1404 1323 1469 flexeratlvoltum
1348 1409 1402 1466 aut
1427 1402 1633 1467 induraverat

358 1512 454 1593 Otho,
478 1514 596 1575 clamor
621 1519 653 1574 et
677 1512 833 1595 gemitus;
859 1514 950 1592 4,63:
976 1519 1011 1573 ut
1029 1531 1165 1596 coepere
1183 1510 1338 1575 dimoveri
1355 1510 1478 1592 obruta,
1503 1531 1633 1574 concur-

358 1642 411 1683 sus
436 1620 476 1683 ad
501 1620 665 1683 exanimos
690 1619 978 1701 complectentium,
1015 1618 1241 1700 osculantium;
1277 1624 1310 1681 et
1334 1638 1432 1702 saepe
1457 1623 1637 1698 certamen,

366 1732 452 1809 l,l9:
479 1727 624 1813 profecto
648 1728 763 1789 iuvene
787 1726 947 1789 modicum
971 1728 1079 1791 otium.

465 1837 496 1897 4.
544 1834 650 1896 Etiam
675 1834 761 1895 nullo
785 1833 937 1917 particula
965 1836 1033 1895 sive
1058 1834 1211 1917 temporis
1241 1835 1309 1896 sive
1334 1834 1394 1896 loci
1419 1831 1634 1917 praecedente

361 1943 497 2026 scriptor
521 1942 570 2004 his
595 1942 799 2004 nominativis
824 1940 979 2003 absolutis
1018 1942 1205 2024 praesertim
1247 1961 1318 2003 curn
1353 1941 1524 2025 negatione
1561 1956 1638 2002 con-¹

356 2051 472 2112 iunctis
496 2071 553 2133 pro
579 2049 654 2111 totis
680 2049 851 2111 enuntiatis
865 2048 911 2110 uti
936 2048 1027 2126 solet,
1050 2048 1106 2110 ubi
1128 2069 1266 2110 summas
1284 2054 1407 2110 tanturn
1423 2068 1475 2109 res
1493 2046 1635 2110 breviter

357 2158 489 2240 attingit
514 2163 568 2219 aut
592 2156 699 2218 vivide
724 2155 887 2218 describit.

462 2265 491 2326 A
520 2266 572 2325 17:
596 2264 696 2325 multa
721 2263 843 2347 proelia
868 2270 900 2325 et
924 2261 1093 2346 aliquando
1118 2284 1179 2325 non
1205 2268 1352 2339 cruenta,
1384 2260 1413 2322 G
1438 2262 1496 2324 46:
1523 2259 1635 2323 sordes

355 2357 493 2435 omnium
518 2392 555 2434 ac
579 2377 689 2455 torpor
714 2391 895 2455 procerum,
938 2369 960 2448 l,
984 2372 1044 2431 lo:
1084 2390 1188 2453 neque
1213 2369 1323 2453 populi
1348 2376 1402 2431 aut
1431 2367 1535 2452 plebis
1569 2367 1635 2433 ulla

355 2500 429 2559 vox,
454 2478 510 2541 sed
536 2479 661 2540 attoniti
688 2479 792 2540 voltus
818 2487 850 2540 et
875 2497 1050 2540 conversae
1068 2476 1228 2539 adomnia
1245 2496 1348 2538 aures.
1395 2496 1457 2538 non
1471 2476 1634 2556 tumultus,

357 2607 418 2649 non
445 2586 550 2670 quies,
580 2587 690 2667 l2,43:
715 2606 774 2647 nec
799 2586 912 2648 occulti
937 2590 1061 2646 tantum
1086 2589 1233 2668 questus3
1263 2586 1348 2664 125:
1374 2603 1515 2645 murmur
1530 2584 1632 2646 incer-

357 2700 433 2769 tum,
458 2702 550 2754 atrox
574 2690 693 2753 clamor
718 2698 749 2751 et
774 2696 907 2774 repente
933 2691 1040 2773 quies;
1083 2693 1190 2770 liat:
1222 2689 1416 2752 discubitum
1451 2690 1534 2752 inter
1558 2711 1632 2754 con-

355 2801 463 2877 vivas;
489 2798 606 2877 oscula,
631 2798 830 2882 complexus,
861 2803 987 2860 noctem
1013 2796 1151 2882 denique
1176 2804 1279 2860 actam
1304 2798 1434 2860 licentia
1457 2797 1631 2881 coniugali,

357 2910 463 2987 lopo:
487 2906 630 2970 fomenta
654 2905 838 2968 volneribus
855 2905 942 2966 nulla
958 2906 1047 2968 iussu
1063 2927 1136 2987 suo,
1165 2908 1229 2987 1,7:
1248 2905 1305 2969 sed
1319 2904 1471 2968 defuncto
1485 2906 1632 2990 Augusto

354 3015 479 3098 signum
501 3014 670 3098 praetoriis
695 3012 879 3078 cohortibus
904 3020 939 3075 ut
964 3014 1138 3098 imperator
1163 3012 1311 3091 dederat;
1344 3011 1511 3094 excubiae,
1534 3035 1632 3096 arma,

354 3129 461 3184 cetera
485 3122 595 3201 aulae,
638 3123 726 3201 1,14:
751 3120 851 3182 multa
875 3126 1003 3204 patrum
1027 3127 1059 3183 et
1083 3122 1114 3183 in
1139 3121 1320 3206 Augustum
1344 3119 1499 3202 adulati03
1543 3122 1631 3202 14,7:

352 3230 448 3313 igitur
471 3229 599 3313 longum
625 3230 790 3313 utriusque
814 3228 983 3292 silentium.

461 3336 700 3421 Saepenumero
725 3338 821 3398 etiam
845 3337 1048 3420 maximeque
1073 3338 1105 3398 in
1129 3335 1296 3398 annalibus
1320 3335 1401 3398 tales
1440 3336 1628 3399 nominativi

353 3442 500 3507 absolute
525 3445 594 3506 sine
618 3445 718 3508 verbo
743 3446 839 3530 positi
864 3467 934 3508 curn
960 3446 1115 3507 infinitivo
1139 3444 1291 3506 historico
1316 3444 1484 3524 alternant,
1509 3464 1571 3527 quo
1596 3447 1628 3506 et

353 3551 422 3634 ipso
447 3551 533 3614 nuda
557 3553 691 3615 actionis
727 3554 813 3617 notio
839 3554 923 3616 omni
955 3552 1140 3616 definitione
1165 3552 1292 3614 sublata
1316 3572 1418 3637 eoque
1444 3551 1627 3634 expressius

352 3655 588 3742 significatur*).
636 3658 687 3721 Ex
711 3659 823 3723 Tacito
849 3661 928 3722 haec
953 3647 1103 3745 exempla
1127 3659 1311 3723 adscribere
1337 3660 1414 3723 satis
1438 3659 1560 3723 habeo:

462 3764 518 3846 IV,
543 3769 600 3828 29:
639 3774 706 3829 tum
747 3789 823 3830 vero
860 3769 1014 3851 strepitus
1054 3767 1185 3849 dissoni,
1223 3789 1314 3831 casus
1355 3768 1482 3848 incerti,
1522 3788 1626 3852 neque

350 3871 488 3935 feriendi
511 3894 616 3958 neque
641 3874 821 3937 declinandi
846 3875 1058 3959 providentia.
1106 3874 1191 3937 unde
1217 3875 1336 3937 clamor
1360 3873 1530 3956 acciderat,
1566 3875 1625 3937 cir-

351 4000 522 4065 cumagere
547 4003 689 4066 corpora,
713 3982 846 4045 tendere
872 3988 974 4059 artus;
1002 3983 1079 4045 nihil
1103 3981 1258 4067 prodesse
1282 3983 1393 4062 virtus,
1421 3981 1488 4045 fors
1512 3988 1627 4044 cuncta

349 4086 478 4151 turbare
504 4096 536 4150 et
560 4090 747 4172 ignavorum
771 4111 870 4174 saepe
895 4091 967 4152 telis
993 4090 1158 4153 fortissimi
1182 4089 1315 4168 caderc;
1350 4091 1434 4170 135:
1473 4090 1518 4152 illi
1548 4110 1624 4174 quo-

350 4196 432 4257 tiens
457 4194 564 4259 oculos
582 4195 622 4258 ad
636 4197 872 4261 multitudinem
888 4197 1086 4278 rettulerant,
1110 4196 1244 4260 vocibus
1260 4197 1450 4259 truculentis
1469 4202 1625 4280 strepere,

457 4393 483 4454 *l
503 4393 588 4444 Recte
608 4394 641 4445 de
662 4394 795 4445 affinitate
815 4395 909 4446 horum
930 4411 1059 4461 generum
1079 4394 1187 4445 dicendi
1208 4393 1302 4445 Storch
1318 4410 1342 4460 p.
1360 4397 1390 4443 14
1405 4394 1523 4445 iudicat:
1540 4393 1625 4458 ,Ver-

352 4463 536 4514 wandtscbast
555 4466 628 4531 zeigt
648 4467 723 4516 dicsc
743 4467 822 4516 Form
843 4467 901 4530 (des
922 4466 1065 4516 absolutes
1086 4465 1268 4528 Nominativs)
1298 4467 1345 4515 init
1364 4465 1423 4515 dem
1444 4465 1625 4516 historischen

349 4534 478 4596 infinitiv,
500 4538 616 4587 welchor
635 4538 684 4588 das
705 4538 838 4588 Pradikat
857 4539 927 4588 auch
948 4555 999 4587 nur
1018 4538 1059 4587 als
1079 4538 1239 4588 abstrakten
1261 4537 1366 4604 Begriff
1383 4537 1441 4602 giht
1469 4538 1625 4603 (gevissar-

348 4623 454 4657 massen
475 4608 500 4656 in
521 4607 569 4658 der
589 4609 667 4659 Form
687 4611 760 4659 cinos
779 4609 854 4659 nicht
873 4610 953 4675 fertig
973 4609 1153 4676 gewordenen
1173 4609 1303 4670 Nomcns)
1324 4608 1388 4670 und,
1408 4609 1442 4658 da
1456 4609 1501 4658 die
1515 4607 1625 4674 Kopula

349 4678 425 4740 fehlt,
445 4680 565 4730 namlich
584 4679 629 4730 dic
649 4680 898 4750 Flexionsendung,
931 4697 959 4731 cs
979 4681 1055 4732 nicht
1075 4682 1122 4731 mit
1141 4682 1201 4734 dem
1222 4679 1339 4749 Subjekt
1370 4696 1417 4731 zur
1436 4680 1547 4732 Einhcit
1580 4696 1624 4735 zu·

346 4750 604 4805 sammenschlicsst.
