3967 5650
351 749 482 829 monuit,
499 747 633 813 Carolus
651 746 792 810 Wctzell
811 744 1002 826 disseruit*).
1050 747 1158 811 Nihilo
1184 748 1284 810 setius
1304 769 1343 809 ne
1362 749 1387 810 is
1412 744 1542 832 quidem
1567 747 1627 810 etsi

353 856 532 919 denatura
567 865 664 941 atquc
701 856 806 918 indole
846 856 1001 918 sermonis
1042 858 1205 940 scriptoris
1248 856 1467 939 pernoscenda
1509 858 1628 940 optime

352 964 478 1044 meruit,
501 985 567 1026 rem
592 963 632 1025 ad
656 964 752 1025 finem
778 962 937 1047 perduxit,
960 964 1034 1046 quia
1059 972 1091 1026 et
1116 963 1252 1047 ellipsim
1282 968 1454 1027 termarum
1495 973 1557 1026 est
1597 971 1629 1025 et

354 1079 446 1133 sunt
470 1071 556 1155 apud
581 1072 783 1155 participium
820 1071 955 1155 perfecti
992 1092 1011 1131 a
1041 1069 1152 1133 Tacito
1189 1073 1287 1133 multo
1328 1072 1455 1154 saepius
1491 1092 1630 1155 quarua

352 1178 512 1263 prioribus
537 1179 708 1241 admissam
730 1186 870 1241 tractare
895 1181 1023 1242 omnino
1063 1178 1244 1262 supersedit
1284 1201 1386 1264 neque
1426 1180 1456 1241 in
1497 1180 1629 1264 singulis

352 1287 533 1349 omissionis
557 1286 729 1348 verborum
753 1286 926 1370 generibus
951 1285 1186 1370 distinguendis
1212 1287 1403 1348 rhetoricam
1428 1293 1530 1349 artem
1549 1288 1627 1349 satis

354 1394 508 1478 respexit,
533 1393 590 1456 sed
615 1402 707 1456 notas
732 1400 932 1456 extrinsecus
957 1403 1101 1477 sumptas
1127 1395 1232 1477 potius
1258 1403 1384 1456 secutus
1410 1402 1466 1455 cst.
1625 1374 1627 1378 ⁷

460 1499 574 1587 Neque
600 1508 706 1564 tamen
733 1501 862 1563 dubium
879 1508 936 1576 cst,
960 1502 1035 1585 quin
1054 1522 1194 1563 summus
1213 1501 1264 1562 ille
1285 1501 1402 1563 artifex
1417 1500 1629 1585 eloquentiae,

352 1610 463 1694 quiet
495 1609 663 1672 verborum
704 1617 736 1670 ct
775 1609 938 1670 iuncturae
979 1617 1222 1691 structuraeque
1259 1608 1429 1670 verborum
1470 1608 1629 1670 delectum

353 1717 626 1780 accuratissimum
651 1716 813 1799 rebusque
839 1717 995 1777 enarratis
1034 1723 1099 1776 tarn
1136 1716 1214 1777 mire
1239 1717 1484 1777 convenientem
1510 1715 1630 1796 babuit,

356 1826 386 1887 in
414 1825 473 1887 boc
498 1844 624 1907 quoque
655 1825 865 1885 instrumento
897 1823 1035 1885 oratorio
1069 1822 1251 1905 usurpando
1289 1844 1348 1885 non
1374 1835 1495 1885 temere
1520 1824 1632 1906 egerit,

353 1932 412 1995 scd
438 1952 567 2015 semper
590 1931 658 1994 l'ere
684 1931 780 1993 certis
797 1930 974 1992 rationibus
992 1929 1149 1992 adductus
1169 1932 1219 1991 sit.

463 2039 714 2101 Accuratissime
740 2038 878 2120 deniqne
904 2037 1063 2120 Georgius
1090 2036 1213 2099 Clemm
1238 2057 1308 2099 cum
1334 2037 1373 2099 de
1398 2039 1468 2100 aliis
1494 2037 1631 2101 brevilo-

355 2147 504 2231 quentiae
519 2145 671 2208 Taciteae
685 2145 859 2229 generibus
885 2153 950 2207 tum
976 2144 1016 2207 de
1029 2149 1030 2153 ’
1043 2145 1211 2208 verborum
1238 2146 1465 2229 suppressione
1491 2145 1632 2229 disputa-

355 2255 401 2316 vit
426 2255 627 2338 maximeque
652 2253 874 2337 quaestionem
900 2254 928 2314 in
955 2274 1017 2337 qua
1031 2273 1197 2315 versamur
1213 2254 1369 2336 provexit.
1419 2252 1525 2315 Solam
1544 2253 1632 2314 verbi

356 2361 548 2423 substantivi
574 2362 777 2423 omissionem
796 2380 899 2444 paene
924 2361 1076 2422 intactam
1097 2362 1225 2444 reliquit
1238 2361 1355 2444 aliique
1374 2362 1633 2422 commentationi

357 2469 500 2552 seposuit
521 2468 562 2552 (p.
583 2469 649 2545 63),
666 2488 747 2551 quae
765 2466 849 2550 quod
875 2468 972 2529 sciam
1000 2489 1158 2550 nunquam
1176 2469 1204 2529 in
1225 2468 1326 2529 lucem
1345 2467 1471 2551 prodiit.
1524 2467 1633 2551 ltaque

356 2575 434 2637 mihi
450 2576 601 2659 proposui
620 2575 792 2658 praecipue
817 2573 908 2653 hanc,
933 2575 1049 2637 deinde
1075 2576 1153 2637 alias
1179 2574 1332 2659 quasdam
1358 2574 1633 2659 breviloquentiae

357 2683 485 2763 formas,
510 2682 623 2766 quibus
648 2683 819 2744 elocutioni
846 2680 1057 2744 Cornelianac
1083 2683 1216 2764 insignis
1241 2683 1328 2744 color
1352 2682 1488 2761 additur,
1514 2692 1629 2744 retrac-

358 2796 436 2853 tare.
486 2789 558 2863 Qua
576 2790 606 2852 in
625 2810 657 2852 rc
683 2810 814 2852 numero
840 2789 978 2851 locorum
1006 2811 1098 2873 quam
1124 2792 1262 2851 maximo
1280 2788 1452 2873 adscripto,
1478 2811 1539 2874 quo
1560 2811 1635 2852 usus

359 2898 486 2961 dicendi
505 2897 687 2981 gradusque
712 2918 748 2958 ac
773 2919 972 2980 progressus,
999 2919 1056 2980 per
1081 2919 1159 2981 quos
1197 2898 1334 2979 scriptor
1365 2898 1489 2978 singula
1517 2918 1635 2981 genera

360 3005 539 3069 omissionis
564 3003 714 3082 excoluit,
744 3005 979 3066 manilbstiores
1005 3006 1171 3082 exsistant,
1204 3013 1236 3064 ct
1268 3026 1338 3066 eum
1365 3004 1518 3083 ordinem,
1542 3026 1634 3088 quem

360 3112 520 3174 llenricus
546 3111 635 3173 Plew
660 3113 689 3172 in
716 3123 950 3195 programmate
981 3111 1145 3173 'l'ilsitensi
1172 3111 1211 3172 dc
1230 3113 1332 3195 cllipsi
1353 3113 1440 3173 verbi
1464 3113 1635 3195 copulativi

363 3240 434 3282 esse
471 3218 555 3302 apud
596 3226 707 3301 poetas
748 3219 878 3281 Latinos
919 3220 1038 3301 scripto
1077 3220 1227 3298 servavit,
1266 3228 1395 3281 secutus
1435 3220 1569 3302 primum
1596 3219 1635 3280 dc

362 3328 589 3410 suppressione
615 3348 642 3388 v.
670 3348 693 3389 s.
720 3325 805 3410 apud
835 3327 1036 3409 participium
1074 3326 1219 3409 perlecti,
1259 3326 1374 3388 deinde
1416 3326 1454 3387 de
1492 3326 1635 3388 eiusdem

362 3433 641 3495 verbiomissionc
667 3432 752 3516 apud
786 3455 910 3511 nomen,
949 3443 1111 3516 postremo
1152 3434 1191 3494 de
1232 3433 1429 3495 detractione
1468 3433 1636 3496 verborum

363 3540 486 3614 oriendi
512 3540 688 3601 exsistendi
714 3540 828 3624 agendi
855 3541 979 3603 dicendi
1006 3542 1169 3603 disseram.

470 3736 495 3798 *l
534 3736 575 3786 Of.
607 3738 745 3796 iudicium,
787 3739 858 3804 qnod
892 3740 1031 3812 Woclltlin
1065 3750 1091 3789 et
1120 3739 1257 3789 nndrcsen
1292 3739 1325 3788 de
1358 3739 1549 3788 dissertatione
1580 3739 1637 3787 cius

362 3809 486 3858 iecerunt
506 3809 531 3858 in
554 3808 676 3866 llursian,
698 3809 1009 3860 Jahrcslicriclrteltl'lb
1031 3812 1056 3861 ll
1079 3828 1102 3876 p.
1125 3814 1175 3860 7:39
1197 3823 1222 3859 et
1236 3811 1457 3860 ¹lalrrcsbcriclno
1479 3810 1525 3858 das
1542 3811 1636 3875 pliilol.

363 3879 479 3930 Vereins
500 3880 525 3929 in
547 3880 637 3930 Berlin
661 3883 727 3929 187³
749 3898 773 3946 p.
795 3884 854 3931 291.
